@article{blanchard2016patient,
  title={Patient-specific fracture risk assessment of vertebrae: a multiscale approach coupling X-ray physics and continuum micromechanics},
  author={Blanchard, Romane and Morin, Claire and Malandrino, Andrea and Vella, Alain and Sant, Zdenka and Hellmich, Christian},
  journal={International journal for numerical methods in biomedical engineering},
  year={2016},
}