@article{dall2013nonlinear,
  title={A nonlinear QCT-based finite element model validation study for the human femur tested in two configurations in vitro},
  author={Dall'Ara, Enrico and Luisier, B and Schmidt, R and Kainberger, F and Zysset, Philippe and Pahr, D},
  journal={Bone},
  volume={52},
  number={1},
  pages={27--38},
  year={2013},
  publisher={Elsevier}
}